<?xml version="1.0" encoding="UTF-8"?>
<collection xmlns:xsi="http://www.w3.org/2001/XMLSchema-instance" xsi:schemaLocation="http://www.loc.gov/MARC21/slim http://www.loc.gov/standards/marcxml/schema/MARC21slim.xsd" xmlns="http://www.loc.gov/MARC21/slim">
<record>
  <leader>01816cam a2200349 a 4500</leader>
  <controlfield tag="001">4972147</controlfield>
  <controlfield tag="003">NNC</controlfield>
  <controlfield tag="005">20140127005138.0</controlfield>
  <controlfield tag="008">031027s1899    ua            000 0 ara d</controlfield>
  <datafield tag="035" ind1=" " ind2=" ">
    <subfield code="a">(OCoLC)57209532</subfield>
  </datafield>
  <datafield tag="035" ind1=" " ind2=" ">
    <subfield code="a">(OCoLC)ocm57209532</subfield>
  </datafield>
  <datafield tag="035" ind1=" " ind2=" ">
    <subfield code="a">(NNC)4972147</subfield>
  </datafield>
  <datafield tag="040" ind1=" " ind2=" ">
    <subfield code="c">NNC</subfield>
    <subfield code="d">MH-L</subfield>
    <subfield code="d">EG-CaAUA</subfield>
  </datafield>
  <datafield tag="066" ind1=" " ind2=" ">
    <subfield code="c">(3</subfield>
    <subfield code="c">(4</subfield>
  </datafield>
  <datafield tag="090" ind1=" " ind2=" ">
    <subfield code="a">KBP315</subfield>
    <subfield code="b">.K26 1899</subfield>
  </datafield>
  <datafield tag="100" ind1="1" ind2=" ">
    <subfield code="6">880-01</subfield>
    <subfield code="a">Kharshī, Muḥammad ibn ʻAbd Allāh,</subfield>
    <subfield code="d">1601 or 1602-1689 or 1690.</subfield>
  </datafield>
  <datafield tag="245" ind1="1" ind2="0">
    <subfield code="6">880-02</subfield>
    <subfield code="a">Sharḥ al-muḥaqqiq ʻalá al-Mukhtaṣir al-imām Abī al-Ḍiyāʾ Sīdī Khalīl,</subfield>
    <subfield code="c">li-Abi ʻAbd Allāh Muḥammad al-Kharshī. Wa-bi-hāmishihi Ḥāshiyat ʻAlī al-ʻAdawī.</subfield>
  </datafield>
  <datafield tag="250" ind1=" " ind2=" ">
    <subfield code="6">880-03</subfield>
    <subfield code="a">Ṭabʻah 2.</subfield>
  </datafield>
  <datafield tag="260" ind1=" " ind2=" ">
    <subfield code="6">880-04</subfield>
    <subfield code="a">Miṣr :</subfield>
    <subfield code="b">al-Maṭbaʻah al-Kubrá al-Amīrīyah bi-Būlāq,</subfield>
    <subfield code="c">1317 [1899 or 1900]</subfield>
  </datafield>
  <datafield tag="300" ind1=" " ind2=" ">
    <subfield code="a">8 v. in 4.</subfield>
    <subfield code="c">28 cm.</subfield>
  </datafield>
  <datafield tag="650" ind1=" " ind2="0">
    <subfield code="a">Islamic law</subfield>
    <subfield code="v">Early works to 1800.</subfield>
  </datafield>
  <datafield tag="650" ind1=" " ind2="0">
    <subfield code="a">Malikites</subfield>
    <subfield code="v">Early works to 1800.</subfield>
  </datafield>
  <datafield tag="600" ind1="0" ind2="0">
    <subfield code="a">Khalīl ibn Isḥāq al-Jundī,</subfield>
    <subfield code="d">-1365?</subfield>
    <subfield code="t">Mukhtaṣar.</subfield>
  </datafield>
  <datafield tag="700" ind1="1" ind2=" ">
    <subfield code="6">880-05</subfield>
    <subfield code="a">ʻAdawī, ʻAlī ibn Aḥmad al-Saʻīdī.</subfield>
  </datafield>
  <datafield tag="700" ind1="0" ind2=" ">
    <subfield code="6">880-06</subfield>
    <subfield code="a">Khalīl ibn Isḥāq al-Jundī,</subfield>
    <subfield code="d">-1365?</subfield>
    <subfield code="t">Mukhtaṣar.</subfield>
  </datafield>
  <datafield tag="880" ind1="1" ind2=" ">
    <subfield code="6">100-01/(3/r</subfield>
    <subfield code="a">خرشي، محمد بن عبد الله،</subfield>
    <subfield code="d">1601 or 1602-1689 or 1690.</subfield>
  </datafield>
  <datafield tag="880" ind1="1" ind2="0">
    <subfield code="6">245-02/(3/r</subfield>
    <subfield code="a">شرح المحقق على المختصر الامام أبي الضياء سيدي خليل،</subfield>
    <subfield code="c">لأبي عبد الله محمد الخرشي. وبهامشه حاشية على العدوي.</subfield>
  </datafield>
  <datafield tag="880" ind1=" " ind2=" ">
    <subfield code="6">250-03/(3/r</subfield>
    <subfield code="a">طبعة ٢.</subfield>
  </datafield>
  <datafield tag="880" ind1=" " ind2=" ">
    <subfield code="6">260-04/(3/r</subfield>
    <subfield code="a">مصر،</subfield>
    <subfield code="b">المطبعة الکبرى الاميرية ببولاق،</subfield>
    <subfield code="c">1317 [1899 أو 1900]</subfield>
  </datafield>
  <datafield tag="880" ind1="1" ind2=" ">
    <subfield code="6">700-05/(3/r</subfield>
    <subfield code="a">عدوي، على ابن أحمد السعيدي.</subfield>
  </datafield>
  <datafield tag="880" ind1="0" ind2=" ">
    <subfield code="6">700-06/(3/r</subfield>
    <subfield code="a">خليل ابن اسحق الجندي,</subfield>
    <subfield code="d">-1365?</subfield>
  </datafield>
  <datafield tag="955" ind1=" " ind2=" ">
    <subfield code="b">0315054381</subfield>
    <subfield code="d">glx</subfield>
    <subfield code="e">893.7H21 S1</subfield>
    <subfield code="v">v.7-8</subfield>
  </datafield>
</record>
</collection>